@article{DBLP:journals/corr/NickelRP15,
  author    = {Maximilian Nickel and
               Lorenzo Rosasco and
               Tomaso A. Poggio},
  title     = {Holographic Embeddings of Knowledge Graphs},
  journal   = {CoRR},
  volume    = {abs/1510.04935},
  year      = {2015},
  url       = {http://arxiv.org/abs/1510.04935},
  archivePrefix = {arXiv},
  eprint    = {1510.04935},
  timestamp = {Mon, 13 Aug 2018 16:48:35 +0200},
  biburl    = {https://dblp.org/rec/bib/journals/corr/NickelRP15},
  bibsource = {dblp computer science bibliography, https://dblp.org}
}

